@inproceedings{chen2022runtime,
  title={Runtime safety assurance for learning-enabled control of autonomous driving vehicles},
  author={Chen, Shengduo and Sun, Yaowei and Li, Dachuan and Wang, Qiang and Hao, Qi and Sifakis, Joseph},
  booktitle={2022 International Conference on Robotics and Automation (ICRA)},
  pages={8978--8984},
  year={2022},
  organization={IEEE}
}

@book{russell2016artificial,
  title={Artificial intelligence: a modern approach},
  author={Russell, Stuart J and Norvig, Peter},
  year={2016},
  publisher={Pearson}
}

@misc{ai_index_2024,
  author  = {Stanford Institute for Human-Centered Artificial Intelligence},
  title   = {The 2025 AI Index Report},
  year    = {2025},
  url     = {https://hai.stanford.edu/ai-index},
  note    = {Accessed: 2025-08-01}

}

@misc{aiaaic_repository,
  author  = {AIAAIC},
  title   = {AI Algorithmic and Automation Incidents Repository},
  year    = {2025},
  url     = {https://www.aiaaic.org/aiaaic-repository/ai-algorithmic-and-automation-incidents},
note    = {Accessed: 2025-08-01}
}

@misc{ai_index_chapter3,
  author  = {Stanford Institute for Human-Centered Artificial Intelligence},
  title   = {The 2025 AI Index Report: Chapter 3},
  year    = {2025},
  url     = {https://hai.stanford.edu/assets/files/hai_ai-index-report-2025_chapter3_final.pdf},
note    = {Accessed: 2025-08-01}

}

@article{wing2021trustworthy,
  title={Trustworthy ai},
  author={Wing, Jeannette M},
  journal={Communications of the ACM},
  volume={64},
  number={10},
  pages={64--71},
  year={2021},
  publisher={ACM New York, NY, USA},
  url={https://cacm.acm.org/magazines/2021/10/255716-trustworthy-ai/fulltext},
note    = {Accessed: 2025-08-01}

}

@article{seshia2022toward,
  title={Toward verified artificial intelligence},
  author={Seshia, Sanjit A and Sadigh, Dorsa and Sastry, S Shankar},
  journal={Communications of the ACM},
  volume={65},
  number={7},
  pages={46--55},
  year={2022},
  publisher={ACM New York, NY, USA},
  url={https://cacm.acm.org/magazines/2022/7/262079-toward-verified-artificial-intelligence/fulltext},
note    = {Accessed: 2025-08-01}

}

@article{kuchnik2023validating,
  title={Validating large language models with relm},
  author={Kuchnik, Michael and Smith, Virginia and Amvrosiadis, George},
  journal={Proceedings of Machine Learning and Systems},
  volume={5},
  pages={457--476},
  year={2023}
}

@inproceedings{mayr2018regular,
  title={Regular inference on artificial neural networks},
  author={Mayr, Franz and Yovine, Sergio},
  booktitle={Machine Learning and Knowledge Extraction: Second IFIP TC 5, TC 8/WG 8.4, 8.9, TC 12/WG 12.9 International Cross-Domain Conference, CD-MAKE 2018, Hamburg, Germany, August 27--30, 2018, Proceedings 2},
  pages={350--369},
  year={2018},
  organization={Springer}
}

@article{mayr2021property,
  title={Property checking with interpretable error characterization for recurrent neural networks},
  author={Mayr, Franz and Yovine, Sergio and Visca, Ramiro},
  journal={Machine Learning and Knowledge Extraction},
  volume={3},
  number={1},
  pages={205--227},
  year={2021},
  publisher={MDPI}
}

@inproceedings{mayr2020fly,
  title={On-the-fly black-box probably approximately correct checking of recurrent neural networks},
  author={Mayr, Franz and Visca, Ramiro and Yovine, Sergio},
  booktitle={Machine Learning and Knowledge Extraction: 4th IFIP TC 5, TC 12, WG 8.4, WG 8.9, WG 12.9 International Cross-Domain Conference, CD-MAKE 2020, Dublin, Ireland, August 25--28, 2020, Proceedings 4},
  pages={343--363},
  year={2020},
  organization={Springer}
}

@article{mayr2022towards,
  title={Towards efficient active learning of pdfa},
  author={Mayr, Franz and Yovine, Sergio and Pan, Federico and Basset, Nicolas and Dang, Thao},
  journal={arXiv preprint arXiv:2206.09004},
  year={2022}
}

@inproceedings{mayr2023congruence,
  title={A Congruence-based Approach to Active Automata Learning from Neural Language Models},
  author={Mayr, Franz and Yovine, Sergio and Carrasco, Mat{\'\i}as and Pan, Federico and Vilensky, Federico},
  booktitle={International Conference on Grammatical Inference},
  pages={250--264},
  year={2023},
  organization={PMLR}
}

@misc{neural_checker,
  author  = {Mayr, Franz and Yovine, Sergio and Pan, Federico and Vilensky, Federico},
  title   = {Neural Checker},
  year    = {2023},
  url     = {https://github.com/neuralchecker},
note    = {Accessed: 2025-08-01}

}

@misc{taysir2023,
  author  = {TAYSIR 2023 Competition},
  title   = {TAYSIR Competition 2023},
  year    = {2023},
  url     = {https://remieyraud.github.io/TAYSIR/},
note    = {Accessed: 2025-08-01}

}

@inproceedings{mayr2023results,
  title={Results of Neural-Checker Toolbox in Taysir 2023 Competition},
  author={Mayr, Franz and Yovine, Sergio and Carrasco, Matías and Garat, Alejo and Iturbide, Martín and da Silva, Juan and Vilensky, Federico},
  booktitle={International Conference on Grammatical Inference},
  pages={295--298},
  year={2023},
  organization={PMLR}
}

@article{carrasco2024analyzing,
  title={Analyzing constrained LLM through PDFA-learning},
  author={Carrasco, Matías and Mayr, Franz and Yovine, Sergio and Kidd, Johny and Iturbide, Martín and da Silva, Juan Pedro and Garat, Alejo},
  journal={arXiv preprint arXiv:2406.08269},
  year={2024}
}

@article{clarke2009model,
    title={Model checking},
    author={E. Clarke and E. A. Emerson and Joseph Sifakis},
    journal={Communications of the ACM},
    year={2009},
    volume={52},
    pages={74 - 84},
    doi={10.1145/1592761.1592781}
}

@book{baier2008principles,
  title={Principles of model checking},
  author={Baier, Christel and Katoen, Joost-Pieter},
  year={2008},
  publisher={MIT press}
}

@inproceedings{KNP11,
author={M. Kwiatkowska and G. Norman and D. Parker},
title={{PRISM} 4.0: Verification of Probabilistic Real-time Systems},
booktitle={Proc. 23rd International Conference on Computer Aided Verification (CAV'11)},
year={2011},

editor={G. Gopalakrishnan and S. Qadeer},
pages={585--591},
organization={},
publisher={Springer},
series={LNCS},
volume={6806},
address={},
month={},
note={},
key={}
}